

%artigos
@article{doran,
    author = "George T. Doran",
    title = "There’s a SMART way to write management’s goals and objectives",
    journal = "Management review",
    volume = "70",
    number = "11",
    pages = "35--36",
    year = "1981"
}

%sites
@misc{ifbnormaliza,
  title        = "NORMALIZA IFB - Manual de Normalização de Trabalhos Acadêmicos",
  author       = "IFB",
  howpublished = "\url{https://normaliza.ifb.edu.br/doku.php}",
  year         = 2021,
  note         = "Acessado: em 2023-03-12"
}

@misc{abnt,
  title        = "ABNT - Associação Brasileira de Normas Técnicas",
  author       = "ABNT",
  howpublished = "\url{https://www.abnt.org.br/institucional/sobre}",
  year         = 2023,
  note         = "Acessado: em 2023-03-16"
}

@misc{ctan,
  title        = "The Comprehensive TEX Archive Network",
  author       = "CTAN",
  howpublished = "\url{https://www.ctan.org/tex-archive/systems/knuth/dist/tex}",
  year         = 2023,
  note         = "Acessado: em 2023-03-17"




%monografias

@misc{marçal,
    title="Inteligência de negócios e aprendizado de máquina aplicado no WooCommerce", 
    author={Guilherme Marcal Calisto},
    howpublished = "\url{https://bdtcbra.omeka.net/items/show/892}",
    year={2023},
     note         = "Monografia de Graduação - Instituto Federal de Brasília. Brasília, p. 61. Acessado: em 2023-03-12"  
}

@misc{paulosilva,
    title="Mineração e processamento de informações epidemiológicas no contexto da Sociedade Brasileira de Queimaduras", 
    author={José Rodrigo Silva Inácio and Josué Paulo Viana},
    howpublished = "\url{https://bdtcbra.omeka.net/items/show/669}",
    year={2022},
     note         = "Monografia de Graduação - Instituto Federal de Brasília. Brasília, p. 53. Acessado: em 2023-03-12"  
}

% Mais informações sobre citações em:

% Esta lição mostra o básico sobre bancos de referências e como construir o seu próprio, como usar esse banco de referências no seu documento usando os dois principais métodos disponíveis, e como escolher entre eles. https://www.learnlatex.org/pt/lesson-12

% Bibliography management in LaTeX https://pt.overleaf.com/learn/latex/Bibliography_management_in_LaTeX
% quando tiver tempo tentar instalar o Jabref http://paginapessoal.utfpr.edu.br/jamhour/publicacoes/arquivos/00_Compilado_JabRef_dez2015.pdf



% exemplos de livro 
@Book{lipschutz2009linear,
 author = {Lipschutz, Seymour},
 title = {Linear algebra},
 publisher = {McGraw-Hill},
 year = {2009},
 address = {New York},
 isbn = {978-0-07-154353-8}
 }
